@article{baylis2018weather,
  title={Weather impacts expressed sentiment},
  author={Baylis, Patrick and Obradovich, Nick and Kryvasheyeu, Yury and Chen, Haohui and Coviello, Lorenzo and Moro, Esteban and Cebrian, Manuel and Fowler, James H},
  journal={PloS one},
  volume={13},
  number={4},
  year={2018},
  publisher={Public Library of Science}
}

@article{bagheri2017sentiment,
  title={Sentiment analysis of twitter data},
  author={Bagheri, Hamid and Islam, Md Johirul},
  journal={arXiv preprint arXiv:1711.10377},
  year={2017},
  howpublished={\url{https://arxiv.org/abs/1711.10377}},
  note={[Accessed 2020-02-20]}
}
